<record><leader>00000cas a22000007a 4500</leader><controlfield tag="001">25162089</controlfield><controlfield tag="008">920124d192u19uuncuwr ne      0    0eng d</controlfield><datafield ind1=" " ind2=" " tag="010"><subfield code="a">sn 92073923 </subfield></datafield><datafield ind1=" " ind2=" " tag="040"><subfield code="a">NVJ</subfield><subfield code="b">eng</subfield><subfield code="c">NVJ</subfield><subfield code="d">OCLCQ</subfield></datafield><datafield ind1=" " ind2=" " tag="042"><subfield code="a">msc</subfield></datafield><datafield ind1="0" ind2=" " tag="130"><subfield code="a">Union labor record (Wilmington, N.C.)</subfield></datafield><datafield ind1="1" ind2="4" tag="245"><subfield code="a">The union labor record.</subfield></datafield><datafield ind1=" " ind2=" " tag="260"><subfield code="a">Wilmington, N.C. :</subfield><subfield code="b">[s.n.]</subfield></datafield><datafield ind1=" " ind2=" " tag="300"><subfield code="a">v.</subfield></datafield><datafield ind1=" " ind2=" " tag="310"><subfield code="a">Weekly</subfield></datafield><datafield ind1=" " ind2=" " tag="588"><subfield code="a">Description based on: Vol. 13, no. 14 (Oct. 29, 1922).</subfield></datafield><datafield ind1=" " ind2=" " tag="752"><subfield code="a">United States</subfield><subfield code="b">North Carolina</subfield><subfield code="c">New Hanover</subfield><subfield code="d">Wilmington.</subfield></datafield><datafield ind1="0" ind2="0" tag="780"><subfield code="t">Saturday record (Wilmington, N.C.)</subfield><subfield code="w">(DLC)sn 92073922</subfield></datafield><datafield ind1="0" ind2="7" tag="785"><subfield code="t">Carolina farmer (Wilmington, N.C. : 1923)</subfield><subfield code="w">(DLC)sn 92073921</subfield></datafield><datafield ind1="0" ind2="7" tag="785"><subfield code="t">Union labor record, and the Carolina farmer</subfield><subfield code="w">(DLC)sn 92073924</subfield></datafield></record>